
@Misc{trafficreport,
    author = {Scott Chacon and Alain L. Kornhauser},
    title = {Analysis, Characterization, and Visualization of Freeway Traffic Data in Los Angeles},
    howpublished = {\url{https://pdfs.semanticscholar.org/1579/5e900833b36f45abb22be3d64c1e773b1acf.pdf}},
    month = {3},
    year = {2012}
}
    %note = {},
    %annote = {}

@article{BEMT,
   author = {J Gordon Leishman and Shreyas Ananthan},
   title = {An Optimum Coaxial Rotor System for Axial Flight},
   journal = {Journal of the American Helicopter Society},
   volume = {53},
   number = {4},
   pages = {366–381},
   ISSN = {},
   DOI = {},
   year = {2008},
   type = {}
}

@Misc{mobilitygo,
    author = {{SCAG}},
    title = {Mobility Go Zone \& Pricing Feasibility Study},
    howpublished = {\url{http://www.scag.ca.gov/Documents/MobilityGoZone_Report_FINAL.pdf}},
    month = {3},
    year = {2019}
}

@Misc{lightrail,
    author = {Genevieve Giuliano and Sandip Chakrabarti and Mohja Rhoads},
    title = {Using Regional Archived Multimodal Transportation System Data for Policy Analysis: A Case Study of the LA Metro Expo Line},
    howpublished = {\url{https://journals.sagepub.com/doi/pdf/10.1177/0739456X15604444}},
    month = {9},
    year = {2015}
}

@Misc{tradeoff,
    author = {T. Gorschek and K. Henningsson},
    title = {Software quality attributes and trade-offs},
    howpublished = {\url{https://www.researchgate.net/publication/238700270_Software_quality_attributes_and_trade-offs_Authors}},
    month = {6},
    year = {2005}
}

@book{Brown2018,
author={Brown, Arthur
and Harris, Wesley},
title={A Vehicle Design and Optimization Model for On-Demand Aviation},
series={AIAA SciTech Forum},
year={2018},
month={Jan},
day={07},
publisher={American Institute of Aeronautics and Astronautics},
note={},
doi={10.2514/6.2018-0105},
url={https://doi.org/10.2514/6.2018-0105}
}

@article{cargasses,
    title = {STUDY OF AIR POLLUTION DUE TO VEHICLE EMISSION IN TOURISM CENTRE},
    journal = {International Journal of Engineering Research and Applications},
    volume = {2},
    number = {3},
    pages = {1753 - 1763},
    year = {2012},
    note = {WESC 2006 Advances in Energy Studies},
    issn = {2248-9622},
    doi = {\url{http://citeseerx.ist.psu.edu/viewdoc/summary?doi=10.1.1.416.1837}},
    url = {\url{https://pdfs.semanticscholar.org/e5a8/053bb728de56fe953aa500c4b81515bf510e.pdf}},
    author = {T. SUBRAMANI}
    }

@Misc{pmlevelLA,
    author = {{National Centre of Sustainable Transport}},
    title = {Evaluating Environmental Impact of Traffic Congestion in Real Time Based on Sparse Mobile Crowdsourced Data},
    howpublished = {\url{https://ncst.ucdavis.edu/wp-content/uploads/2016/10/NCST-TO-032.1-Hao_Real-Time-Env-Impacts-of-Congestion_Final-Report_FEB2018.pdf}},
    month = {2},
    year = {2018}
}

@article{AHP,
    title = {Decision making with the analytic hierarchy process},
    author = {T.L. Saaty},
    journal = {Int. J. Services Sciences},
    volume = {1},
    number = {1},
    pages = {83 - 98},
    year = {2008},
    howpublished = {\url{http://www.rafikulislam.com/uploads/resourses/197245512559a37aadea6d.pdf}}
}

    %month = {},
    %annote = "WESC 2006 Advances in Energy Studies",
    %issn = "0360-5442",
    %doi = "https://doi.org/10.1016/j.energy.2008.10.003",
    %keywords = "Emerging control applications, Power systems, Wind energy"

@book{UTMairbus,
    title = {Blueprint for the Sky: The roadmap for the safe integration of autonomous aircraft},
    author = {Karthink Balakrishnan and Joe Polastre and Jessie Mooberry and Richard Golding and Peter Sachs},
    publisher = {A\textsuperscript{3} by Airbus LLC},
    howpublished = {\url{https://www.utmblueprint.com}},
    location = {United States},
    year = 2018
}

@book{uberwhitepaper,
    title = {Fast-Forwarding to a Future of On-Demand Urban Air Transportation (white paper)},
    author = {Jeff Holden and Nikhil Goel},
    publisher = {UBER},
    howpublished = {\url{https://www.uber.com/elevate.pdf}},
    location = {United States},
    year = {2016}
}

@article{ford,
    title = {Role of flying cars in sustainable mobility},
    author = {Akshat Kasliwal and Noah J. Furbush and James H. Gawron and James R. McBride and Timothy J. Wallington and Robter D. De Kleine and Hyung Chul Kim and Gregory A. Keoleian},
    publisher = {UBER},
    howpublished = {\url{https://doi.org/10.1038/s41467-019-09426-0}},
    journal = {Nature Communications},
    issue = {1},
    volume = {10},
    pages = {1-9},
    note = {Article Number 1555},
    year = {2019}
}


@Misc{ATC,
    author = {Parker Vascik and Hamsa Balakrishnan and John Hansman},
    title = {Assessment of Air Traffic Control for Urban Air Mobility and Unmanned Systems},
    howpublished = {Massachusetts Institute of Technology},
    year = {2015},
    note = {International Conference on Research in Air Transportation}
    }
    %month = {},
    %annote = {}
    
@article{AHPtut,
    title = {Group Decision Making with the Analytic Hierarchy Process
in Benefit-Risk Assessment: A Tutorial},
    journal = {The Patient},
    volume = {7},
    number = {1},
    year = {2014},
    issn = {1178-1653},
    doi = {DOI 10.1007/s40271-014-0050-7},
    url = {\url{https://ris.utwente.nl/ws/portalfiles/portal/6801614}},
    author = {J. Marjan Hummel and John F.P. Bridges and Maarten J. IJzerman}
    }


@Misc{TNOstuff,
    author = {Sam van Goethem and Gertjan Koornneef and Stefan Spronkmans },
    title = {Performance of Battery Electric Buses in Practice: Energy Consumption and Range },
    howpublished = {TNO},
    year = {2013}

    }
    %note = {International Conference on Research in Air Transportation}, 
    %month = {},
    %annote = {}


@inproceedings{Latvianstuff,
    author = {Igors Graurs and Aigars Laizans and Peteris Rajeckis and Aivars Rubenis},
    title = {Public bus energy consumption investigation for transition to electric power and semi-dynamic charging},
    year = {2015},
    booktitle = {International Conference on Research in Air Transportation},
    pages = {366-371}
    }
    %note = {International Conference on Research in Air Transportation}, 
    %month = {},
    %annote = {}
 
 %Europabanan from a life cycle perspective Jonas Åkerman

    
@article{Trainstuff,
    author = {Jonas Åkerman},
    title = {The role of high-speed rail in mitigating climate change – The Swedish case Europabanan from a life cycle perspective },
    year = {2011}, 
    journal = {Elsevier},
    issue = {3},
    volume = {16},
    pages = {208-217}
    }    
    
@article{evtolconfig,
author = {Bacchini, Alessandro and Cestino, E},
year = {2019},
month = {02},
pages = {26},
title = {Electric VTOL Configurations Comparison},
volume = {6},
journal = {Aerospace},
doi = {10.3390/aerospace6030026}
}
    
@inproceedings{evtolreview,
    author = {Nicholas Polaczyk and Enzo Trombino and Peng Wei and Mihaela Mitici},
    year = {2019},
    month = {1},
    pages = {11},
    title = {A Review of Current Technology and Research in Urban On-Demand Air Mobility Applications},
    booktitle = {Autonomous VTOL Technical Meeting and Electric VTOL Symposium},
    organization = {Vertical Flight Society},
    address = {Mesa, AZ}
    }
}

    
@MANUAL {greenAHP,
    title        = "The Analytic Hierarchy Process",
    author       = "Paraskevopoulos Konstantinos;",
    organization = "International Hellenic University",
    note         = "Digitally Accessed via \url{rad.ihu.edu.gr/fileadmin/labsfiles/decision_support_systems/lessons/ahp/AHP_Lesson_1.pdf}"
}
    